
  <record>
    <leader>00436nam  2200145z  4500</leader>
    <controlfield tag="008">110630n        xx |         u||| ||und u</controlfield>
    <datafield tag="020" ind1=" " ind2=" ">
      <subfield code="a">9780674059047</subfield>
    </datafield>
    <datafield tag="100" ind1=" " ind2=" ">
      <subfield code="a">OVID, 43 B.C.-17 OR 18 A.D</subfield>
    </datafield>
    <datafield tag="245" ind1=" " ind2=" ">
      <subfield code="a">LOVE POEMS, LETTERS, AND REMEDIES OF OVID; TRANS. BY DAVID R. SLAVITT.</subfield>
    </datafield>
    <datafield tag="260" ind1=" " ind2=" ">
      <subfield code="a">CAMBRIDGE</subfield>
      <subfield code="b">HARVARD UNIV PRESS</subfield>
      <subfield code="c">2011</subfield>
    </datafield>
    <datafield tag="960" ind1=" " ind2=" ">
      <subfield code="a">37</subfield>
    </datafield>
    <datafield tag="980" ind1=" " ind2=" ">
      <subfield code="b">26.95</subfield>
      <subfield code="q">1</subfield>
    </datafield>
    <datafield tag="982" ind1=" " ind2=" ">
      <subfield code="a">99943744805</subfield>
      <subfield code="b">524010</subfield>
      <subfield code="d">Cloth</subfield>
      <subfield code="f">JLL</subfield>
    </datafield>
    <datafield tag="984" ind1=" " ind2=" ">
      <subfield code="a">20110629</subfield>
      <subfield code="c">US</subfield>
    </datafield>
    <datafield tag="987" ind1=" " ind2=" ">
      <subfield code="a">3569064</subfield>
    </datafield>
  </record>