
  <record>
    <leader>00491nam  2200157z  4500</leader>
    <controlfield tag="008">110630n        xx |         u||| ||und u</controlfield>
    <datafield tag="020" ind1=" " ind2=" ">
      <subfield code="a">9781846822735</subfield>
    </datafield>
    <datafield tag="100" ind1=" " ind2=" ">
      <subfield code="a">HARVEY, CAROL J., 1941-</subfield>
    </datafield>
    <datafield tag="245" ind1=" " ind2=" ">
      <subfield code="a">MEDIEVAL FRENCH MIRACLE PLAYS : SEVEN FALSELY ACCUSED WOMEN.</subfield>
    </datafield>
    <datafield tag="260" ind1=" " ind2=" ">
      <subfield code="a">DUBLIN</subfield>
      <subfield code="b">FOUR COURTS PRESS</subfield>
      <subfield code="c">2011</subfield>
    </datafield>
    <datafield tag="490" ind1=" " ind2=" ">
      <subfield code="a">DUBLIN STUDIES IN MEDIEVAL AND RENAISSANCE LITERATURE.4</subfield>
    </datafield>
    <datafield tag="960" ind1=" " ind2=" ">
      <subfield code="a">37</subfield>
    </datafield>
    <datafield tag="980" ind1=" " ind2=" ">
      <subfield code="b">50.00</subfield>
      <subfield code="q">1</subfield>
    </datafield>
    <datafield tag="982" ind1=" " ind2=" ">
      <subfield code="a">99943744807</subfield>
      <subfield code="b">524010</subfield>
      <subfield code="d">Cloth</subfield>
      <subfield code="f">JLL</subfield>
    </datafield>
    <datafield tag="984" ind1=" " ind2=" ">
      <subfield code="a">20110629</subfield>
      <subfield code="c">US</subfield>
    </datafield>
    <datafield tag="987" ind1=" " ind2=" ">
      <subfield code="a">3650208</subfield>
    </datafield>
  </record>