
  <record>
    <leader>00441nam  2200157z  4500</leader>
    <controlfield tag="008">110630n        xx |         u||| ||und u</controlfield>
    <datafield tag="020" ind1=" " ind2=" ">
      <subfield code="a">9780819570703</subfield>
    </datafield>
    <datafield tag="100" ind1=" " ind2=" ">
      <subfield code="a">CESAIRE, AIME</subfield>
    </datafield>
    <datafield tag="245" ind1=" " ind2=" ">
      <subfield code="a">SOLAR THROAT SLASHED : THE UNEXPURGATED 1948 EDITION.</subfield>
    </datafield>
    <datafield tag="260" ind1=" " ind2=" ">
      <subfield code="a">MIDDLETOWN</subfield>
      <subfield code="b">WESLEYAN UNIV PRESS</subfield>
      <subfield code="c">2011</subfield>
    </datafield>
    <datafield tag="490" ind1=" " ind2=" ">
      <subfield code="a">WESLEYAN POETRY.</subfield>
    </datafield>
    <datafield tag="960" ind1=" " ind2=" ">
      <subfield code="a">37</subfield>
    </datafield>
    <datafield tag="980" ind1=" " ind2=" ">
      <subfield code="b">26.95</subfield>
      <subfield code="q">1</subfield>
    </datafield>
    <datafield tag="982" ind1=" " ind2=" ">
      <subfield code="a">99943744810</subfield>
      <subfield code="b">524010</subfield>
      <subfield code="d">Cloth</subfield>
      <subfield code="f">JLL</subfield>
    </datafield>
    <datafield tag="984" ind1=" " ind2=" ">
      <subfield code="a">20110629</subfield>
      <subfield code="c">US</subfield>
    </datafield>
    <datafield tag="987" ind1=" " ind2=" ">
      <subfield code="a">3634757</subfield>
    </datafield>
  </record>