
  <record>
    <leader>00438nam  2200145z  4500</leader>
    <controlfield tag="008">110630n        xx |         u||| ||und u</controlfield>
    <datafield tag="020" ind1=" " ind2=" ">
      <subfield code="a">9781458825568</subfield>
    </datafield>
    <datafield tag="100" ind1=" " ind2=" ">
      <subfield code="a">FOBES, WALTER K</subfield>
    </datafield>
    <datafield tag="245" ind1=" " ind2=" ">
      <subfield code="a">ELOCUTION SIMPLIFIED : WITH AN APPENDIX ON LISPING, STAMMERING, STUTTERING, AND OTHER DEFECTS OF...</subfield>
    </datafield>
    <datafield tag="260" ind1=" " ind2=" ">
      <subfield code="b">GENERAL BOOKS</subfield>
      <subfield code="c">2010</subfield>
    </datafield>
    <datafield tag="960" ind1=" " ind2=" ">
      <subfield code="a">50</subfield>
    </datafield>
    <datafield tag="980" ind1=" " ind2=" ">
      <subfield code="b">11.47</subfield>
      <subfield code="q">1</subfield>
    </datafield>
    <datafield tag="982" ind1=" " ind2=" ">
      <subfield code="a">99943745216</subfield>
      <subfield code="b">524010</subfield>
      <subfield code="d">Paper</subfield>
      <subfield code="f">JLL</subfield>
    </datafield>
    <datafield tag="984" ind1=" " ind2=" ">
      <subfield code="a">20110629</subfield>
      <subfield code="c">US</subfield>
    </datafield>
    <datafield tag="987" ind1=" " ind2=" ">
      <subfield code="a">3244868</subfield>
    </datafield>
  </record>