
  <record>
    <leader>00473nam  2200157z  4500</leader>
    <controlfield tag="008">110630n        xx |         u||| ||und u</controlfield>
    <datafield tag="020" ind1=" " ind2=" ">
      <subfield code="a">9789460913839</subfield>
    </datafield>
    <datafield tag="100" ind1=" " ind2=" ">
      <subfield code="a">WAIN, KENNETH</subfield>
    </datafield>
    <datafield tag="245" ind1=" " ind2=" ">
      <subfield code="a">ON ROUSSEAU : AN INTRODUCTION TO HIS RADICAL THINKING ON EDUCATION AND POLITICS.</subfield>
    </datafield>
    <datafield tag="260" ind1=" " ind2=" ">
      <subfield code="a">ROTTERDAM</subfield>
      <subfield code="b">SENSE</subfield>
      <subfield code="c">2011</subfield>
    </datafield>
    <datafield tag="490" ind1=" " ind2=" ">
      <subfield code="a">KEY CRITICAL THINKERS IN EDUCATION.3</subfield>
    </datafield>
    <datafield tag="960" ind1=" " ind2=" ">
      <subfield code="a">27</subfield>
    </datafield>
    <datafield tag="980" ind1=" " ind2=" ">
      <subfield code="b">49.00</subfield>
      <subfield code="q">1</subfield>
    </datafield>
    <datafield tag="982" ind1=" " ind2=" ">
      <subfield code="a">99943744990</subfield>
      <subfield code="b">524014</subfield>
      <subfield code="d">Paper</subfield>
      <subfield code="f">JLL</subfield>
    </datafield>
    <datafield tag="984" ind1=" " ind2=" ">
      <subfield code="a">20110629</subfield>
      <subfield code="c">US</subfield>
    </datafield>
    <datafield tag="987" ind1=" " ind2=" ">
      <subfield code="a">5413492</subfield>
    </datafield>
  </record>